@article{Wardlaw2005,
    author = {William P. Wardlaw},
    title = {Row Rank Equals Column Rank},
    journal = {Mathematics Magazine},
    volume = {78},
    number = {4},
    pages = {316-318},
    year  = {2005},
    publisher = {Taylor & Francis},
    doi = {10.1080/0025570X.2005.11953349},
    URL = {https://doi.org/10.1080/0025570X.2005.11953349},
    eprint = {https://doi.org/10.1080/0025570X.2005.11953349}
    }

@article {Liebeck1966,
    author = {Liebeck H.},
    title = {A proof of the equality of column and row rank of a matrix},
    journal = {Amer. Math. Monthly},
    volume = {73},
    pages = {1114},
    year = {1966}
    }

@book{DancsPuskas2001,
    author = {Istv\'an, Dancs and Csaba, Pusk\'as},
    title = {Vektorterek},
    publisher = {Aula kiad\'o 2001, Budapest, ISBN:963 9345 53 9, BCE Catalogue: bcek.379187.},
    year  = {2001}
    }



